<record><leader>00000cas a22000007a 4500</leader><controlfield tag="001">17415792</controlfield><controlfield tag="008">880201d19141917ohudn ne      0    0eng d</controlfield><datafield ind1=" " ind2=" " tag="010"><subfield code="a">sn 88078220 </subfield></datafield><datafield ind1=" " ind2=" " tag="040"><subfield code="a">ONP</subfield><subfield code="b">eng</subfield><subfield code="c">ONP</subfield><subfield code="d">OCLCQ</subfield><subfield code="d">OCLCF</subfield><subfield code="d">OCLCO</subfield></datafield><datafield ind1="1" ind2=" " tag="029"><subfield code="a">AU@</subfield><subfield code="b">000025785609</subfield></datafield><datafield ind1=" " ind2=" " tag="042"><subfield code="a">msc</subfield></datafield><datafield ind1=" " ind2=" " tag="043"><subfield code="a">n-us-oh</subfield></datafield><datafield ind1="0" ind2=" " tag="130"><subfield code="a">Times-age (Coshocton, Ohio)</subfield></datafield><datafield ind1="1" ind2="4" tag="245"><subfield code="a">The Times-age.</subfield></datafield><datafield ind1=" " ind2=" " tag="260"><subfield code="a">Coshocton, O. [Ohio] :</subfield><subfield code="b">Times Age Co.,</subfield><subfield code="c">1914-1917.</subfield></datafield><datafield ind1=" " ind2=" " tag="300"><subfield code="a">v.</subfield></datafield><datafield ind1=" " ind2=" " tag="310"><subfield code="a">Daily (except Sun.)</subfield></datafield><datafield ind1="0" ind2=" " tag="362"><subfield code="a">New ser. v. 2, no. 51 (Sept. 1, 1914)-new ser. v. 7, no. 261 (Oct. 31, 1917).</subfield></datafield><datafield ind1=" " ind2="0" tag="651"><subfield code="a">Coshocton (Ohio)</subfield><subfield code="v">Newspapers.</subfield></datafield><datafield ind1=" " ind2="0" tag="651"><subfield code="a">Coshocton County (Ohio)</subfield><subfield code="v">Newspapers.</subfield></datafield><datafield ind1=" " ind2="7" tag="655"><subfield code="a">Newspapers.</subfield><subfield code="2">fast</subfield><subfield code="0">(OCoLC)fst01423814</subfield></datafield><datafield ind1=" " ind2="7" tag="651"><subfield code="a">Ohio</subfield><subfield code="z">Coshocton.</subfield><subfield code="2">fast</subfield><subfield code="0">(OCoLC)fst01220859</subfield></datafield><datafield ind1=" " ind2="7" tag="651"><subfield code="a">Ohio</subfield><subfield code="z">Coshocton County.</subfield><subfield code="2">fast</subfield><subfield code="0">(OCoLC)fst01218107</subfield></datafield><datafield ind1=" " ind2=" " tag="752"><subfield code="a">United States</subfield><subfield code="b">Ohio</subfield><subfield code="c">Coshocton</subfield><subfield code="d">Coshocton.</subfield></datafield><datafield ind1="0" ind2=" " tag="775"><subfield code="t">Coshocton weekly times age</subfield></datafield><datafield ind1="0" ind2="0" tag="780"><subfield code="t">Coshocton times-age</subfield><subfield code="w">(DLC)sn 88078221</subfield></datafield><datafield ind1="0" ind2="7" tag="785"><subfield code="t">Coshocton morning tribune</subfield><subfield code="w">(DLC)sn 88078226</subfield></datafield><datafield ind1="0" ind2="7" tag="785"><subfield code="t">Coshocton tribune and times-age</subfield><subfield code="w">(DLC)sn 88078227</subfield></datafield></record>